@article{manchester,
	author = "J. R. Gurd, C. C. Kirkham and L. Watson",
	title = "The Manchester Prototype Dataflow Computer",
	journal= "Communications of the ACM",
	month = jan,
	year = "1985"
}

@article{mit,
	author = "Arvind and Rishiyur S. Nikhil",
	title = "Executing a Program on the MIT Tagged-Token Dataflow Architecture",
	journal= "IEEE Transactions on Computers",
	month = mar,
	year = "1990"
}

@article{dataflow-computers,
   author = "Benjamin Wah",
   title = "Dataflow Computers: Their History and Future",
   journal = "Wiley Encyclopedia of Computer Science and Engineering",
   year = "2008",
   howpublished = "\url{http://csrl.unt.edu/~kavi/Research/encyclopedia-dataflow.pdf}"
}

@misc{graph-mode-parallel-computation,
   author = "Rodriguex, J. E.",
   month = sep,
   year = "1969",
   title = "Report TR-64 , Project MAC",
   journal = "M.I.T. Cambridge, Mass."
}

@misc{spi-wiki,
   author = "Wikipedia.org",
   month = nov,
   year = "2010",
   note = "Summery of what SPI is",
   title = "SPI - Serial Peripheral Interface Bus",
   howpublished = "\url{http://en.wikipedia.org/wiki/Serial_Peripheral_Interface_Bus}"
}

@misc{fpga-wiki,
   author = "Wikipedia.org",
   month = nov,
   year = "2010",
   note = "Summery of what FPGA is",
   title = "FPGA - Field-Programmable Gate Array",
   howpublished = "\url{http://en.wikipedia.org/wiki/Field-programmable_gate_array}"
}

@misc{comp-memory,
   author = "Alliance Semiconductor",
   month = apr,
   year = "2004",
   note = "3.3V 32K X 8 CMOS SRAM (Common I/O)",
   title = "Datasheet: AS7C3256A",
   howpublished = "\url{www.alliancememory.com/pdf/sram/fa/as7c3256av.2.0.pdf}"
}

@misc{comp-latch,
   author = "ON Semiconductor",
   month = aug,
   year = "2005",
   note = "Low-Voltage CMOS 16-Bit Transparent Latch",
   title = "Datasheet: MC74LCX16373",
   howpublished = "\url{http://www.onsemi.com/pub/Collateral/MC74LCX16373-D.PDF}"
}

@manual{ugg322,
   author = "Xilinx",
   month = oct,
   year = "2009",
   note = "Extended Spartan-3A, Spartan-3E, and Spartan-3 FPGA Families",
   title = "Spartan-3 Generation Configuration User Guide",
   howpublished = "\url{http://www.xilinx.com/support/documentation/user_guides/ug331.pdf}"
}
@manual{evk1100,
    author = "Atmel",
    month = aug,
    note = "Atmel AVR Development Board",
    title = "Schematics: EVK 1100",
    howpublished = "\url{www.atmel.com/dyn/resources/prod_documents/EVK1100_SCHEMATICS_REVC.pdf}"
}
@manual{lcd,
    author = "Batron",
    month = aug,
    year = "",
    note = "LCD",
    title = "Datasheet: BTHQ128064AVD-COG-FSTF-LED05 WHITE",
    howpublished = "\url{www.farnel.com/datasheets/316803.pdf}"
}
@manual{epson-datasheet,
   author = "Epson",
   note = "More deailed datasheet for the controller chip in the LCD",
   title = "S1D10605 Series datasheet",
   howpublished = "\url{http://www.datasheetdir.com/S1D10605+LCD-Drivers-Controllers}"
}
@misc{pcb-standard,
    author = "The Institute for Interconnecting and Packaging Electronic Circuits",
    month = feb,
    year = "1998",
    note = "Generic Standard on Printed Board Design",
    title = "Standard: IPC-2221"
}
@misc{pcb-tutorial,
    author = "David L. Jones",
    month = jun,
    year = "2004",
    note = "",
    title = "PCB Design Tutorial",
    howpublished = "\url{http://www.alternatezone.com/electronics/files/PCBDesignTutorialRevA.pdf}"
}
@unpublished{dm-2009,
    author = "",
    month = nov,
    year = "2009",
    note = "Project Report for TDT4295: Computer Design, 2009",
    title = "Amigo64",
    howpublished = "NTNU"
}
@misc{net-schematic,
    author = "Guido Socher, tuxgraphics.org",
    year = "2007",
    note = "",
    title = "Schematic: Ethernet remote device controller/sensor",
    howpublished = "\url{http://www.tuxgraphics.org/common/src2/article06061/eth-remotedevice.pdf}"
}
@misc{lib-latch,
    author = "ON Semiconductor",
    month = dec,
    year = "2006",
    note = "Altium Integrated Library for MC74LCX16373",
    title = "Integrated library for ON Semiconductor Latch",
    howpublished = "\url{http://www2.altium.com/files/AltiumDesigner6/libraries/libfiles/OnSemi_240709.zip}"
}
@misc{route-np,
    author = "Wikipedia",
    note = "Accessed 22.11.2010",
    title = "Article: Routing (electronic design automation)",
    howpublished = "\url{http://en.wikipedia.org/wiki/Routing_(electronic_design_automation)}"
}
@misc{elprint,
    author = "Elprint",
    note = "Web-page outlining Elprints capabilites. Accessed September 2010.",
    title = "Elprint - Capabilities",
    howpublished = "\url{http://webben.elprint.no/index.php/pages/59}"
}
@misc{macaos,
    author = "Macaos",
    note = "Web-tool for submitting Gerber files to Elprint",
    title = "Homepage",
    howpublished = "\url{http://www.macaos.com}"
}
